@misc{geodb.org,
keywords = {geodb},
mendeley-tags = {geodb},
title = {{OpenGeoDb â€“ Dokumentation}},
url = {http://opengeodb.org/wiki/Datenbank\_der\_OpengeoDB}
}
